%% This BibTeX bibliography file was created using BibDesk.
%% http://bibdesk.sourceforge.net/


%% Created for Jean-Luc BÃ©chennec at 2012-05-21 16:35:31 +0200 


%% Saved with string encoding Unicode (UTF-8) 



@manual{OSEKOS223,
	Author = {Consortium OSEK/VDX},
	Date-Added = {2012-05-21 14:33:56 +0000},
	Date-Modified = {2012-05-21 14:35:31 +0000},
	Edition = {2.2.3},
	Title = {OSEK/VDX Operating System},
	Year = {17th February 2005}}

@article{PCP,
	Address = {Washington, DC, USA},
	Author = {Sha, L. and Rajkumar, R. and Lehoczky, J. P.},
	Date-Added = {2010-10-06 09:54:04 +0200},
	Date-Modified = {2010-10-06 09:54:18 +0200},
	Doi = {http://dx.doi.org/10.1109/12.57058},
	Issn = {0018-9340},
	Journal = {IEEE Trans. Comput.},
	Number = {9},
	Pages = {1175--1185},
	Publisher = {IEEE Computer Society},
	Title = {Priority Inheritance Protocols: An Approach to Real-Time Synchronization},
	Volume = {39},
	Year = {1990},
	Bdsk-Url-1 = {http://dx.doi.org/10.1109/12.57058}}

@techreport{PPCeabi,
	Address = {Research Triangle Park, NC},
	Author = {Microcontroller Applications IBM Microelectronics},
	Date-Added = {2010-06-24 12:17:18 +0200},
	Date-Modified = {2010-06-24 12:19:05 +0200},
	Institution = {IBM},
	Month = {September},
	Title = {Developing PowerPC Embedded Application Binary Interface (EABI) Compliant Programs},
	Year = {1998}}

@inbook{mpc32bsc,
	Chapter = {8},
	Date-Added = {2010-06-24 09:09:57 +0200},
	Date-Modified = {2010-06-24 09:16:04 +0200},
	Edition = {Rev. 3},
	Month = {September},
	Pages = {8-157},
	Publisher = {Freescale semiconductor},
	Title = {Programming Environments Manual for 32-Bit Implementations of the PowerPC$^{TM}$ Architecture},
	Year = {2005}}

@techreport{autosar31memorymapping,
	Author = {AUTOSAR},
	Date-Added = {2010-06-11 11:27:35 +0200},
	Date-Modified = {2010-06-11 12:00:07 +0200},
	Institution = {AUTOSAR GbR},
	Month = {June},
	Note = {\url{http://autosar.org/download/R3.1/AUTOSAR_SWS_MemoryMapping.pdf}},
	Title = {Specification of Memory Mapping},
	Year = {2008},
	Bdsk-File-1 = {YnBsaXN0MDDUAQIDBAUIJidUJHRvcFgkb2JqZWN0c1gkdmVyc2lvblkkYXJjaGl2ZXLRBgdUcm9vdIABqAkKFRYXGyIjVSRudWxs0wsMDQ4RFFpOUy5vYmplY3RzV05TLmtleXNWJGNsYXNzog8QgASABqISE4ACgAOAB1lhbGlhc0RhdGFccmVsYXRpdmVQYXRo0hgNGRpXTlMuZGF0YU8RAbIAAAAAAbIAAgAADE1hY2ludG9zaCBIRAAAAAAAAAAAAAAAAAAAAMarmBZIKwAAAAosKB1BVVRPU0FSX1NXU19NZW1vcnlNYXBwaW5nLnBkZgAAAAAAAAAAAAAAAAAAAAAAAAAAAAAAAAAAAAAAAAAAAAAAQPv+yDe8qQAAAAAAAAAAAAUAAgAACSAAAAAAAAAAAAAAAAAAAAAJRG93bmxvYWRzAAAQAAgAAMare/YAAAARAAgAAMg3oIkAAAABAAwACiwoAAosGAAAkOcAAgA+TWFjaW50b3NoIEhEOlVzZXJzOmpsYjpEb3dubG9hZHM6QVVUT1NBUl9TV1NfTWVtb3J5TWFwcGluZy5wZGYADgA8AB0AQQBVAFQATwBTAEEAUgBfAFMAVwBTAF8ATQBlAG0AbwByAHkATQBhAHAAcABpAG4AZwAuAHAAZABmAA8AGgAMAE0AYQBjAGkAbgB0AG8AcwBoACAASABEABIAMVVzZXJzL2psYi9Eb3dubG9hZHMvQVVUT1NBUl9TV1NfTWVtb3J5TWFwcGluZy5wZGYAABMAAS8AABUAAgAK//8AAIAF0hwdHh9YJGNsYXNzZXNaJGNsYXNzbmFtZaMfICFdTlNNdXRhYmxlRGF0YVZOU0RhdGFYTlNPYmplY3RfEDYuLi8uLi8uLi8uLi8uLi9Eb3dubG9hZHMvQVVUT1NBUl9TV1NfTWVtb3J5TWFwcGluZy5wZGbSHB0kJaIlIVxOU0RpY3Rpb25hcnkSAAGGoF8QD05TS2V5ZWRBcmNoaXZlcgAIABEAFgAfACgAMgA1ADoAPABFAEsAUgBdAGUAbABvAHEAcwB2AHgAegB8AIYAkwCYAKACVgJYAl0CZgJxAnUCgwKKApMCzALRAtQC4QLmAAAAAAAAAgEAAAAAAAAAKAAAAAAAAAAAAAAAAAAAAvg=}}

@techreport{autosar31compilerabstraction,
	Author = {AUTOSAR},
	Date-Added = {2010-06-11 10:11:19 +0200},
	Date-Modified = {2010-06-11 11:59:58 +0200},
	Institution = {AUTOSAR GbR},
	Month = {August},
	Note = {\url{http://autosar.org/download/R3.1/AUTOSAR_SWS_CompilerAbstraction.pdf}},
	Title = {Specification of Compiler Abstraction},
	Year = {2008},
	Bdsk-File-1 = {YnBsaXN0MDDUAQIDBAUIJidUJHRvcFgkb2JqZWN0c1gkdmVyc2lvblkkYXJjaGl2ZXLRBgdUcm9vdIABqAkKFRYXGyIjVSRudWxs0wsMDQ4RFFpOUy5vYmplY3RzV05TLmtleXNWJGNsYXNzog8QgASABqISE4ACgAOAB1lhbGlhc0RhdGFccmVsYXRpdmVQYXRo0hgNGRpXTlMuZGF0YU8RAbIAAAAAAbIAAgAADE1hY2ludG9zaCBIRAAAAAAAAAAAAAAAAAAAAMarmBZIKwAAAAosKB1BVVRPU0FSX1NXU19NZW1vcnlNYXBwaW5nLnBkZgAAAAAAAAAAAAAAAAAAAAAAAAAAAAAAAAAAAAAAAAAAAAAAQPv+yDe8qQAAAAAAAAAAAAUAAgAACSAAAAAAAAAAAAAAAAAAAAAJRG93bmxvYWRzAAAQAAgAAMare/YAAAARAAgAAMg3oIkAAAABAAwACiwoAAosGAAAkOcAAgA+TWFjaW50b3NoIEhEOlVzZXJzOmpsYjpEb3dubG9hZHM6QVVUT1NBUl9TV1NfTWVtb3J5TWFwcGluZy5wZGYADgA8AB0AQQBVAFQATwBTAEEAUgBfAFMAVwBTAF8ATQBlAG0AbwByAHkATQBhAHAAcABpAG4AZwAuAHAAZABmAA8AGgAMAE0AYQBjAGkAbgB0AG8AcwBoACAASABEABIAMVVzZXJzL2psYi9Eb3dubG9hZHMvQVVUT1NBUl9TV1NfTWVtb3J5TWFwcGluZy5wZGYAABMAAS8AABUAAgAK//8AAIAF0hwdHh9YJGNsYXNzZXNaJGNsYXNzbmFtZaMfICFdTlNNdXRhYmxlRGF0YVZOU0RhdGFYTlNPYmplY3RfEDYuLi8uLi8uLi8uLi8uLi9Eb3dubG9hZHMvQVVUT1NBUl9TV1NfTWVtb3J5TWFwcGluZy5wZGbSHB0kJaIlIVxOU0RpY3Rpb25hcnkSAAGGoF8QD05TS2V5ZWRBcmNoaXZlcgAIABEAFgAfACgAMgA1ADoAPABFAEsAUgBdAGUAbABvAHEAcwB2AHgAegB8AIYAkwCYAKACVgJYAl0CZgJxAnUCgwKKApMCzALRAtQC4QLmAAAAAAAAAgEAAAAAAAAAKAAAAAAAAAAAAAAAAAAAAvg=}}
